@misc{cps,
author = {{United States Census Bureau}},
year = {1993--2019},
title = {Current Population Survey},
howpublished = {\url{https://ceprdata.org/cps-uniform-data-extracts/march-cps-supplement/march-cps-data/}}
}

@misc{acs,
author = {{United States Census Bureau}},
year = {2007--2019},
title = {American Communities Survey},
howpublished = {\url{https://ceprdata.org/acs-uniform-data-extracts/}} 
}

@misc{ ipums  ,
author = {Steven Ruggles and Sarah Flood and Sophia Foster and Ronald Goeken and Jose Pacas and Megan Schouweiler and Matthew Sobek},
year = {2021} ,
title = {IPUMS USA},
doi = {10.18128/D010.V11.0},
version = {11.0},
}

@misc { nhis ,
Author = {{Centers for Disease Control and Prevention}},
year = {1998--2019} ,
title = { National Health Interview Survey },
howpublished = {\url{https://www.cdc.gov/nchs/nhis/index.htm}}
}


@misc { ged ,
Author = {{American Council on Education}},
year = {1993--2014} ,
title = {{GED Testing Program Statistical Reports}}
}


